@book{muen:component-spec,
  title = {Muen Component Specification},
  year = {2019},
  author = {{Adrian-Ken Rüegsegger and Reto Bürki}},
}

@book{muen:kernel-spec,
  title = {Muen Kernel Specification},
  year = {2019},
  author = {{Adrian-Ken Rüegsegger and Reto Bürki}},
}

@book{muen:system-spec,
  title = {Muen System Specification},
  year = {2019},
  author = {{Adrian-Ken Rüegsegger and Reto Bürki}},
}

@book{intelsdm,
  title = {Intel\textsuperscript{\textregistered} 64 and IA-32 Architectures Software Developer's Manual},
  year = {2019},
  month = {May},
  number = {325462-070US},
  author = {{Intel Corporation}},
}

@book{intelvtd,
  title = {Intel\textsuperscript{\textregistered} Virtualization Technology for Directed I/O},
  year = {2018},
  month = {June},
  number = {D51397-010},
  revision = {3.0},
  author = {{Intel Corporation}},
}

@book{ioapic,
  title = {82093AA I/O Advanced Programmable Interrupt Controller (IOAPIC)},
  year = {1996},
  month = {May},
  number = {290566-001},
  author = {{Intel Corporation}},
}
