@book{muen:system-spec,
  title = {Muen System Specification},
  year = {2021},
  author = {{Adrian-Ken Rueegsegger and Reto Buerki}},
}
